%% This BibTeX bibliography file was created using BibDesk.
%% https://bibdesk.sourceforge.io/

%% Created for 서상원 at 2023-11-30 17:52:57 +0900 


%% Saved with string encoding Unicode (UTF-8) 


@article{buterin2014next,
	author = {Buterin, Vitalik and others},
	journal = {white paper},
	number = {37},
	pages = {2--1},
	title = {A next-generation smart contract and decentralized application platform},
	volume = {3},
	year = {2014}}

@article{wood2014ethereum,
	author = {Wood, Gavin and others},
	journal = {Ethereum project yellow paper},
	number = {2014},
	pages = {1--32},
	title = {Ethereum: A secure decentralised generalised transaction ledger},
	volume = {151},
	year = {2014}}